<?xml version="1.0" encoding="UTF-8"?><collection xmlns="http://www.loc.gov/MARC21/slim"><record><leader>00445nam--2200121-i-4500</leader><controlfield tag="001">000010136</controlfield><controlfield tag="002">20161230</controlfield><controlfield tag="005">20161230201028</controlfield><controlfield tag="008">060222s1000------------r-----000-0-eng-d</controlfield><datafield ind1=" " ind2=" " tag="080"><subfield code="a">539.1:539.1.047</subfield></datafield><datafield ind1=" " ind2=" " tag="245"><subfield code="a">An 34. experiments in nuclear science.alpha, beta, gamma, x-ray, and neutron detectors and associated electronics. introduction to theory and basic applications</subfield></datafield><datafield ind1=" " ind2=" " tag="260"><subfield code="a">Oak Ridge, Tenn. , Ortec, 1971 Vi+127 P</subfield></datafield><datafield ind1=" " ind2=" " tag="852"><subfield code="a">539.163:543.53</subfield></datafield></record></collection>